@article{structuredtree,
  title={Structured tree outflow condition for blood flow in larger systemic arteries},
  author={Olufsen, Mette},
  journal={American Journal of Physiology},
  volume={276},
  pages={257–268},
  year={1999}
}

@PhdThesis{olufsenthesis,
  title = {Modeling the Arterial System with Reference to an Anesthesia Simulator},
  author = {Olufsen, Mette},
  school = {Universitas Roskildensis},
  month = {may},
  year = {1998}
}


@article{olufsen_numerical_2000,
	title = {Numerical simulation and experimental validation of blood flow in arteries with structured-tree outflow conditions},
	volume = {28},
	url = {http://link.springer.com/article/10.1114/1.1326031},
	number = {11},
	urldate = {2014-05-14},
	journal = {Annals of biomedical engineering},
	author = {Olufsen, Mette S. and Peskin, Charles S. and Kim, Won Yong and Pedersen, Erik M. and Nadim, Ali and Larsen, Jesper},
	year = {2000},
	pages = {1281–1299},
	file = {olufsen-peskin-etal-200-onedimensional-flow-trees.pdf:/Users/adamupdegrove/Library/Application Support/Zotero/Profiles/wiboib9v.default/zotero/storage/J3R7WTEP/olufsen-peskin-etal-200-onedimensional-flow-trees.pdf:application/pdf}
}

@inproceedings{chung2012pressure,
  title={Pressure analysis of the blood flow in the arteriole},
  author={Chung, Hansol and Bahk, David and Hong, Edward and Kyung, R},
  booktitle={Bioengineering Conference (NEBEC), 2012 38th Annual Northeast},
  pages={307--308},
  year={2012},
  organization={IEEE}
}